<?xml version="1.0" encoding="UTF-8"?>
  <record xmlns="http://www.loc.gov/MARC21/slim" type="Authority">
    <leader>00000nz  a2200000nc 4500</leader>
    <controlfield tag="001">118503472</controlfield>
    <controlfield tag="003">DE-101</controlfield>
    <controlfield tag="005">20220311162746.0</controlfield>
    <controlfield tag="008">880701n||azznnaabn           | aaa    |c</controlfield>
    <datafield tag="024" ind1="7" ind2=" ">
      <subfield code="a">118503472</subfield>
      <subfield code="0">http://d-nb.info/gnd/118503472</subfield>
      <subfield code="2">gnd</subfield>
    </datafield>
    <datafield tag="035" ind1=" " ind2=" ">
      <subfield code="a">(DE-101)118503472</subfield>
    </datafield>
    <datafield tag="035" ind1=" " ind2=" ">
      <subfield code="a">(DE-588)118503472</subfield>
    </datafield>
    <datafield tag="035" ind1=" " ind2=" ">
      <subfield code="z">(DE-588)116429860</subfield>
    </datafield>
    <datafield tag="035" ind1=" " ind2=" ">
      <subfield code="z">(DE-588a)116429860</subfield>
      <subfield code="9">v:zg</subfield>
    </datafield>
    <datafield tag="035" ind1=" " ind2=" ">
      <subfield code="z">(DE-588)1089173652</subfield>
    </datafield>
    <datafield tag="035" ind1=" " ind2=" ">
      <subfield code="z">(DE-588a)118503472</subfield>
      <subfield code="9">v:zg</subfield>
    </datafield>
    <datafield tag="035" ind1=" " ind2=" ">
      <subfield code="z">(DE-588c)4002346-1</subfield>
      <subfield code="9">v:zg</subfield>
    </datafield>
    <datafield tag="040" ind1=" " ind2=" ">
      <subfield code="a">DE-101</subfield>
      <subfield code="c">DE-101</subfield>
      <subfield code="9">r:DE-101</subfield>
      <subfield code="b">ger</subfield>
      <subfield code="d">9999</subfield>
      <subfield code="e">rda</subfield>
    </datafield>
    <datafield tag="042" ind1=" " ind2=" ">
      <subfield code="a">gnd1</subfield>
    </datafield>
    <datafield tag="043" ind1=" " ind2=" ">
      <subfield code="c">XA-DE</subfield>
    </datafield>
    <datafield tag="065" ind1=" " ind2=" ">
      <subfield code="a">12.2p</subfield>
      <subfield code="2">sswd</subfield>
    </datafield>
    <datafield tag="065" ind1=" " ind2=" ">
      <subfield code="a">16.5p</subfield>
      <subfield code="2">sswd</subfield>
    </datafield>
    <datafield tag="075" ind1=" " ind2=" ">
      <subfield code="b">p</subfield>
      <subfield code="2">gndgen</subfield>
    </datafield>
    <datafield tag="075" ind1=" " ind2=" ">
      <subfield code="b">piz</subfield>
      <subfield code="2">gndspec</subfield>
    </datafield>
    <datafield tag="079" ind1=" " ind2=" ">
      <subfield code="a">g</subfield>
      <subfield code="q">a</subfield>
      <subfield code="q">f</subfield>
      <subfield code="q">z</subfield>
      <subfield code="q">s</subfield>
      <subfield code="q">h</subfield>
      <subfield code="u">v</subfield>
      <subfield code="u">w</subfield>
      <subfield code="u">k</subfield>
      <subfield code="u">o</subfield>
    </datafield>
    <datafield tag="100" ind1="0" ind2=" ">
      <subfield code="a">Anton Ulrich</subfield>
      <subfield code="c">Braunschweig-Lüneburg, Herzog</subfield>
      <subfield code="d">1633-1714</subfield>
    </datafield>
    <datafield tag="375" ind1=" " ind2=" ">
      <subfield code="a">1</subfield>
      <subfield code="2">iso5218</subfield>
    </datafield>
    <datafield tag="377" ind1=" " ind2="7">
      <subfield code="a">ger</subfield>
      <subfield code="2">iso639-2b</subfield>
    </datafield>
    <datafield tag="400" ind1="0" ind2=" ">
      <subfield code="a">Anton Ulrich</subfield>
      <subfield code="c">Braunschweig-Lüneburg-Wolfenbüttel, Herzog</subfield>
      <subfield code="d">1633-1714</subfield>
    </datafield>
    <datafield tag="400" ind1="0" ind2=" ">
      <subfield code="a">Anton Ulrich</subfield>
      <subfield code="c">Braunschweig und Wolfenbüttel, Herzog</subfield>
      <subfield code="d">1633-1714</subfield>
    </datafield>
    <datafield tag="400" ind1="0" ind2=" ">
      <subfield code="a">Anton Ulrich</subfield>
      <subfield code="c">Braunschweig, Herzog</subfield>
      <subfield code="d">1633-1714</subfield>
    </datafield>
    <datafield tag="400" ind1="0" ind2=" ">
      <subfield code="a">Anton Ulrich</subfield>
      <subfield code="c">Wolfenbüttel, Herzog</subfield>
      <subfield code="d">1633-1714</subfield>
      <subfield code="9">v:M</subfield>
    </datafield>
    <datafield tag="400" ind1="0" ind2=" ">
      <subfield code="a">Anton Ulrich</subfield>
      <subfield code="c">Braunschweig-Wolfenbüttel, Duke</subfield>
      <subfield code="d">1633-1714</subfield>
    </datafield>
    <datafield tag="400" ind1="0" ind2=" ">
      <subfield code="a">Anton Ulrich</subfield>
      <subfield code="c">Brunswyk en Lunenburg, Hartog</subfield>
      <subfield code="d">1633-1714</subfield>
    </datafield>
    <datafield tag="400" ind1="0" ind2=" ">
      <subfield code="a">Anton Ulrich</subfield>
      <subfield code="c">Brunsviga, Dux</subfield>
      <subfield code="d">1633-1714</subfield>
    </datafield>
    <datafield tag="400" ind1="0" ind2=" ">
      <subfield code="a">Anthon Ulrich</subfield>
      <subfield code="c">Braunschweig-Wolfenbüttel, Herzog</subfield>
      <subfield code="d">1633-1714</subfield>
    </datafield>
    <datafield tag="400" ind1="0" ind2=" ">
      <subfield code="a">Anthon Ulrich</subfield>
      <subfield code="c">Braunschweig-Lüneburg, Herzog</subfield>
      <subfield code="d">1633-1714</subfield>
    </datafield>
    <datafield tag="400" ind1="0" ind2=" ">
      <subfield code="a">Anthon Ulrich</subfield>
      <subfield code="c">Braunschweig und Lüneburg, Herzog</subfield>
      <subfield code="d">1633-1714</subfield>
    </datafield>
    <datafield tag="400" ind1="0" ind2=" ">
      <subfield code="a">Anthon Ulrich</subfield>
      <subfield code="c">Braunschweig, Herzog</subfield>
      <subfield code="d">1633-1714</subfield>
    </datafield>
    <datafield tag="400" ind1="0" ind2=" ">
      <subfield code="a">Anthon Ulrich</subfield>
      <subfield code="c">Braunschweig-Lüneburg, Hertzog</subfield>
      <subfield code="d">1633-1714</subfield>
    </datafield>
    <datafield tag="400" ind1="0" ind2=" ">
      <subfield code="a">Anthon Ulrich</subfield>
      <subfield code="c">Braunschweig und Lüneburg, Hertzog</subfield>
      <subfield code="d">1633-1714</subfield>
    </datafield>
    <datafield tag="400" ind1="0" ind2=" ">
      <subfield code="a">Anton Huldrich</subfield>
      <subfield code="c">Braunschweig-Lüneburg, Herzog</subfield>
      <subfield code="d">1633-1714</subfield>
    </datafield>
    <datafield tag="400" ind1="0" ind2=" ">
      <subfield code="a">Antoine Ulric</subfield>
      <subfield code="c">Brunswick, Duc</subfield>
      <subfield code="d">1633-1714</subfield>
    </datafield>
    <datafield tag="400" ind1="0" ind2=" ">
      <subfield code="a">Antoine Ulric</subfield>
      <subfield code="c">Bronsvic-Lunebourg, Duc</subfield>
      <subfield code="d">1633-1714</subfield>
    </datafield>
    <datafield tag="400" ind1="0" ind2=" ">
      <subfield code="a">Antonio Ulric</subfield>
      <subfield code="c">Brunswich-Luneburg, Duque</subfield>
      <subfield code="d">1633-1714</subfield>
    </datafield>
    <datafield tag="400" ind1="0" ind2=" ">
      <subfield code="a">Antonio Ulric</subfield>
      <subfield code="c">Brunswick-Luneburg, Duque</subfield>
      <subfield code="d">1633-1714</subfield>
    </datafield>
    <datafield tag="400" ind1="0" ind2=" ">
      <subfield code="a">Antonio Ulerico</subfield>
      <subfield code="c">Braunsvich-Lüneburgo, Duca</subfield>
      <subfield code="d">1633-1714</subfield>
    </datafield>
    <datafield tag="400" ind1="0" ind2=" ">
      <subfield code="a">Antonio Ulerico</subfield>
      <subfield code="c">Bronsvich-Lüneburgo, Duca</subfield>
      <subfield code="d">1633-1714</subfield>
    </datafield>
    <datafield tag="400" ind1="0" ind2=" ">
      <subfield code="a">Antonio Ulerico</subfield>
      <subfield code="c">Bronsvich-Luneburgo, Duca</subfield>
      <subfield code="d">1633-1714</subfield>
    </datafield>
    <datafield tag="400" ind1="0" ind2=" ">
      <subfield code="a">Antonio Ulerico</subfield>
      <subfield code="c">Bronsvich, Luneburgo, Duca</subfield>
      <subfield code="d">1633-1714</subfield>
    </datafield>
    <datafield tag="400" ind1="0" ind2=" ">
      <subfield code="a">Antonio Ulerico</subfield>
      <subfield code="c">Bronsuich Lüneburgo, Duca</subfield>
      <subfield code="d">1633-1714</subfield>
    </datafield>
    <datafield tag="400" ind1="0" ind2=" ">
      <subfield code="a">Antonio Ulerico</subfield>
      <subfield code="c">Brons.-Luneb.-Wolffenb., Duca</subfield>
      <subfield code="d">1633-1714</subfield>
    </datafield>
    <datafield tag="400" ind1="0" ind2=" ">
      <subfield code="a">Antonio Ulerico</subfield>
      <subfield code="c">Braunsveic-Luneburgo, Duca</subfield>
      <subfield code="d">1633-1714</subfield>
    </datafield>
    <datafield tag="400" ind1="0" ind2=" ">
      <subfield code="a">Antonio Ulerico</subfield>
      <subfield code="c">di Braunsveic</subfield>
      <subfield code="d">1633-1714</subfield>
    </datafield>
    <datafield tag="400" ind1="0" ind2=" ">
      <subfield code="a">Anthony Ulrick</subfield>
      <subfield code="c">Brunswick, Duke</subfield>
      <subfield code="d">1633-1714</subfield>
    </datafield>
    <datafield tag="400" ind1="0" ind2=" ">
      <subfield code="a">Antonius Ulricus</subfield>
      <subfield code="c">Brunsvicum et Lunaeburgum, Dux</subfield>
      <subfield code="d">1633-1714</subfield>
    </datafield>
    <datafield tag="400" ind1="0" ind2=" ">
      <subfield code="a">Antonius Ulricus</subfield>
      <subfield code="c">Brunsvicum-Luneburgum, Dux</subfield>
      <subfield code="d">1633-1714</subfield>
    </datafield>
    <datafield tag="400" ind1="0" ind2=" ">
      <subfield code="a">Antonius Ulricus</subfield>
      <subfield code="c">Dux Brunsvicensium et Lunaeburgensium</subfield>
      <subfield code="d">1633-1714</subfield>
    </datafield>
    <datafield tag="400" ind1="0" ind2=" ">
      <subfield code="a">Antonius Ulricus</subfield>
      <subfield code="c">Dux Brunsvicensium et Luneburgensium</subfield>
      <subfield code="d">1633-1714</subfield>
    </datafield>
    <datafield tag="400" ind1="0" ind2=" ">
      <subfield code="a">Antonius Ulricus</subfield>
      <subfield code="c">Dux Brunsvicensium-Lunaeburgensium</subfield>
      <subfield code="d">1633-1714</subfield>
    </datafield>
    <datafield tag="400" ind1="0" ind2=" ">
      <subfield code="a">Antonius Ulricus</subfield>
      <subfield code="c">Dux Brunsvicensium-Luneburgensium</subfield>
      <subfield code="d">1633-1714</subfield>
    </datafield>
    <datafield tag="400" ind1="0" ind2=" ">
      <subfield code="a">Antonius Ulricus</subfield>
      <subfield code="c">Dux Brunovicensium et Luneburgensium</subfield>
      <subfield code="d">1633-1714</subfield>
    </datafield>
    <datafield tag="400" ind1="0" ind2=" ">
      <subfield code="a">Antonius Ulricus</subfield>
      <subfield code="c">Dux Brunsvicensium</subfield>
      <subfield code="d">1633-1714</subfield>
    </datafield>
    <datafield tag="400" ind1="0" ind2=" ">
      <subfield code="a">Antonius Huldericus</subfield>
      <subfield code="c">Brunsvicum-Luneburgum, Dux</subfield>
      <subfield code="d">1633-1714</subfield>
    </datafield>
    <datafield tag="400" ind1="0" ind2=" ">
      <subfield code="a">Anthonius Uldaricus</subfield>
      <subfield code="c">Dux Brunsvicensium-Lüneburgensium</subfield>
      <subfield code="d">1633-1714</subfield>
    </datafield>
    <datafield tag="400" ind1="0" ind2=" ">
      <subfield code="a">Anthonius-Uldaricus</subfield>
      <subfield code="c">Brunsvicum-Luneburgum, Dux</subfield>
      <subfield code="d">1633-1714</subfield>
    </datafield>
    <datafield tag="400" ind1="0" ind2=" ">
      <subfield code="a">Antonius Uldaricus</subfield>
      <subfield code="c">Brunsvicum-Luneburgum, Dux</subfield>
      <subfield code="d">1633-1714</subfield>
    </datafield>
    <datafield tag="400" ind1="0" ind2=" ">
      <subfield code="a">Anthonius Ulricus</subfield>
      <subfield code="c">Brunsvicum-Luneburgum, Dux</subfield>
      <subfield code="d">1633-1714</subfield>
    </datafield>
    <datafield tag="400" ind1="0" ind2=" ">
      <subfield code="a">Anthonius Ulricus</subfield>
      <subfield code="c">Dux Brunsvicensium et Luneburgensium</subfield>
      <subfield code="d">1633-1714</subfield>
    </datafield>
    <datafield tag="400" ind1="0" ind2=" ">
      <subfield code="a">Anton Ulrich</subfield>
      <subfield code="d">1633-1714</subfield>
    </datafield>
    <datafield tag="400" ind1="0" ind2=" ">
      <subfield code="a">Der Siegprangende</subfield>
      <subfield code="d">1633-1714</subfield>
      <subfield code="4">pseu</subfield>
      <subfield code="4">https://d-nb.info/standards/elementset/gnd#pseudonym</subfield>
      <subfield code="w">r</subfield>
      <subfield code="i">Pseudonym</subfield>
      <subfield code="e">Pseudonym</subfield>
    </datafield>
    <datafield tag="400" ind1="1" ind2=" ">
      <subfield code="a">Siegprangende, Der</subfield>
      <subfield code="d">1633-1714</subfield>
    </datafield>
    <datafield tag="400" ind1="0" ind2=" ">
      <subfield code="a">A. U. D. de B.</subfield>
      <subfield code="d">1633-1714</subfield>
    </datafield>
    <datafield tag="400" ind1="0" ind2=" ">
      <subfield code="a">A. U.</subfield>
      <subfield code="d">1633-1714</subfield>
    </datafield>
    <datafield tag="400" ind1="1" ind2=" ">
      <subfield code="a">Ulrich, A.</subfield>
      <subfield code="d">1633-1714</subfield>
    </datafield>
    <datafield tag="400" ind1="1" ind2=" ">
      <subfield code="a">Ulrich, Anton</subfield>
      <subfield code="c">Herzog von Braunschweig-Wolfenbüttel</subfield>
      <subfield code="d">1633-1714</subfield>
    </datafield>
    <datafield tag="400" ind1="0" ind2=" ">
      <subfield code="a">Anton Ulrich</subfield>
      <subfield code="c">Herzog zu Braunschweig und Lüneburg</subfield>
      <subfield code="d">1633-1714</subfield>
    </datafield>
    <datafield tag="400" ind1="0" ind2=" ">
      <subfield code="a">Anton Ulrich</subfield>
      <subfield code="c">Herzog von Braunschweig-Wolfenbüttel</subfield>
      <subfield code="d">1633-1714</subfield>
    </datafield>
    <datafield tag="400" ind1="0" ind2=" ">
      <subfield code="a">Anton Ulrich</subfield>
      <subfield code="c">Braunschweig-Wolfenbüttel, Herzog</subfield>
      <subfield code="d">1633-1714</subfield>
    </datafield>
    <datafield tag="500" ind1="0" ind2=" ">
      <subfield code="0">(DE-101)118505076</subfield>
      <subfield code="0">(DE-588)118505076</subfield>
      <subfield code="0">https://d-nb.info/gnd/118505076</subfield>
      <subfield code="a">August</subfield>
      <subfield code="c">Braunschweig-Lüneburg, Herzog, 1579-1666</subfield>
      <subfield code="d">1579-1666</subfield>
      <subfield code="4">bezf</subfield>
      <subfield code="4">https://d-nb.info/standards/elementset/gnd#familialRelationship</subfield>
      <subfield code="w">r</subfield>
      <subfield code="i">Beziehung familiaer</subfield>
      <subfield code="e">Beziehung familiaer</subfield>
      <subfield code="9">v:Vater</subfield>
    </datafield>
    <datafield tag="500" ind1="0" ind2=" ">
      <subfield code="0">(DE-101)104376546</subfield>
      <subfield code="0">(DE-588)104376546</subfield>
      <subfield code="0">https://d-nb.info/gnd/104376546</subfield>
      <subfield code="a">Dorothea</subfield>
      <subfield code="c">Braunschweig-Lüneburg, Herzogin, 1607-1634</subfield>
      <subfield code="d">1607-1634</subfield>
      <subfield code="4">bezf</subfield>
      <subfield code="4">https://d-nb.info/standards/elementset/gnd#familialRelationship</subfield>
      <subfield code="w">r</subfield>
      <subfield code="i">Beziehung familiaer</subfield>
      <subfield code="e">Beziehung familiaer</subfield>
      <subfield code="9">v:Mutter</subfield>
    </datafield>
    <datafield tag="500" ind1="0" ind2=" ">
      <subfield code="0">(DE-101)11883732X</subfield>
      <subfield code="0">(DE-588)11883732X</subfield>
      <subfield code="0">https://d-nb.info/gnd/11883732X</subfield>
      <subfield code="a">Ferdinand Albrecht</subfield>
      <subfield code="c">Braunschweig-Lüneburg, Herzog, 1636-1687</subfield>
      <subfield code="d">1636-1687</subfield>
      <subfield code="4">bezf</subfield>
      <subfield code="4">https://d-nb.info/standards/elementset/gnd#familialRelationship</subfield>
      <subfield code="w">r</subfield>
      <subfield code="i">Beziehung familiaer</subfield>
      <subfield code="e">Beziehung familiaer</subfield>
      <subfield code="9">v:Bruder</subfield>
    </datafield>
    <datafield tag="500" ind1="0" ind2=" ">
      <subfield code="0">(DE-101)130380512</subfield>
      <subfield code="0">(DE-588)130380512</subfield>
      <subfield code="0">https://d-nb.info/gnd/130380512</subfield>
      <subfield code="a">Christian Franz</subfield>
      <subfield code="c">Braunschweig-Lüneburg, Herzog</subfield>
      <subfield code="d">1639</subfield>
      <subfield code="4">bezf</subfield>
      <subfield code="4">https://d-nb.info/standards/elementset/gnd#familialRelationship</subfield>
      <subfield code="w">r</subfield>
      <subfield code="i">Beziehung familiaer</subfield>
      <subfield code="e">Beziehung familiaer</subfield>
      <subfield code="9">v:Bruder</subfield>
    </datafield>
    <datafield tag="500" ind1="0" ind2=" ">
      <subfield code="0">(DE-101)120040115</subfield>
      <subfield code="0">(DE-588)120040115</subfield>
      <subfield code="0">https://d-nb.info/gnd/120040115</subfield>
      <subfield code="a">Clara Augusta</subfield>
      <subfield code="c">Württemberg-Neuenstadt, Herzogin</subfield>
      <subfield code="d">1632-1700</subfield>
      <subfield code="4">bezf</subfield>
      <subfield code="4">https://d-nb.info/standards/elementset/gnd#familialRelationship</subfield>
      <subfield code="w">r</subfield>
      <subfield code="i">Beziehung familiaer</subfield>
      <subfield code="e">Beziehung familiaer</subfield>
      <subfield code="9">v:Schwester</subfield>
    </datafield>
    <datafield tag="500" ind1="0" ind2=" ">
      <subfield code="0">(DE-101)104183772</subfield>
      <subfield code="0">(DE-588)104183772</subfield>
      <subfield code="0">https://d-nb.info/gnd/104183772</subfield>
      <subfield code="a">Elisabeth Juliane</subfield>
      <subfield code="c">Braunschweig-Lüneburg, Herzogin</subfield>
      <subfield code="d">1634-1704</subfield>
      <subfield code="4">bezf</subfield>
      <subfield code="4">https://d-nb.info/standards/elementset/gnd#familialRelationship</subfield>
      <subfield code="w">r</subfield>
      <subfield code="i">Beziehung familiaer</subfield>
      <subfield code="e">Beziehung familiaer</subfield>
      <subfield code="9">v:Ehefrau</subfield>
    </datafield>
    <datafield tag="500" ind1="0" ind2=" ">
      <subfield code="0">(DE-101)104308753</subfield>
      <subfield code="0">(DE-588)104308753</subfield>
      <subfield code="0">https://d-nb.info/gnd/104308753</subfield>
      <subfield code="a">August Friedrich</subfield>
      <subfield code="c">Braunschweig-Lüneburg, Herzog</subfield>
      <subfield code="d">1657-1676</subfield>
      <subfield code="4">bezf</subfield>
      <subfield code="4">https://d-nb.info/standards/elementset/gnd#familialRelationship</subfield>
      <subfield code="w">r</subfield>
      <subfield code="i">Beziehung familiaer</subfield>
      <subfield code="e">Beziehung familiaer</subfield>
      <subfield code="9">v:Sohn</subfield>
    </datafield>
    <datafield tag="500" ind1="0" ind2=" ">
      <subfield code="0">(DE-101)104326417</subfield>
      <subfield code="0">(DE-588)104326417</subfield>
      <subfield code="0">https://d-nb.info/gnd/104326417</subfield>
      <subfield code="a">Anna Sophie</subfield>
      <subfield code="c">Baden-Durlach, Markgräfin</subfield>
      <subfield code="d">1659-1742</subfield>
      <subfield code="4">bezf</subfield>
      <subfield code="4">https://d-nb.info/standards/elementset/gnd#familialRelationship</subfield>
      <subfield code="w">r</subfield>
      <subfield code="i">Beziehung familiaer</subfield>
      <subfield code="e">Beziehung familiaer</subfield>
      <subfield code="9">v:Tochter</subfield>
    </datafield>
    <datafield tag="510" ind1="2" ind2=" ">
      <subfield code="0">(DE-101)004706463</subfield>
      <subfield code="0">(DE-588)2011193-9</subfield>
      <subfield code="0">https://d-nb.info/gnd/2011193-9</subfield>
      <subfield code="a">Fruchtbringende Gesellschaft</subfield>
      <subfield code="4">affi</subfield>
      <subfield code="4">https://d-nb.info/standards/elementset/gnd#affiliation</subfield>
      <subfield code="w">r</subfield>
      <subfield code="i">Affiliation</subfield>
      <subfield code="e">Affiliation</subfield>
    </datafield>
    <datafield tag="548" ind1=" " ind2=" ">
      <subfield code="a">1633-1714</subfield>
      <subfield code="4">datl</subfield>
      <subfield code="4">https://d-nb.info/standards/elementset/gnd#dateOfBirthAndDeath</subfield>
      <subfield code="w">r</subfield>
      <subfield code="i">Lebensdaten</subfield>
    </datafield>
    <datafield tag="548" ind1=" " ind2=" ">
      <subfield code="a">04.10.1633-27.03.1714</subfield>
      <subfield code="4">datx</subfield>
      <subfield code="4">https://d-nb.info/standards/elementset/gnd#dateOfBirthAndDeath</subfield>
      <subfield code="w">r</subfield>
      <subfield code="i">Exakte Lebensdaten</subfield>
    </datafield>
    <datafield tag="550" ind1=" " ind2=" ">
      <subfield code="0">(DE-101)041596765</subfield>
      <subfield code="0">(DE-588)4159676-6</subfield>
      <subfield code="0">https://d-nb.info/gnd/4159676-6</subfield>
      <subfield code="a">Herzog</subfield>
      <subfield code="4">berc</subfield>
      <subfield code="4">https://d-nb.info/standards/elementset/gnd#professionOrOccupation</subfield>
      <subfield code="w">r</subfield>
      <subfield code="i">Charakteristischer Beruf</subfield>
    </datafield>
    <datafield tag="550" ind1=" " ind2=" ">
      <subfield code="0">(DE-101)040533093</subfield>
      <subfield code="0">(DE-588)4053309-8</subfield>
      <subfield code="0">https://d-nb.info/gnd/4053309-8</subfield>
      <subfield code="a">Schriftsteller</subfield>
      <subfield code="4">beru</subfield>
      <subfield code="4">https://d-nb.info/standards/elementset/gnd#professionOrOccupation</subfield>
      <subfield code="w">r</subfield>
      <subfield code="i">Beruf</subfield>
    </datafield>
    <datafield tag="550" ind1=" " ind2=" ">
      <subfield code="0">(DE-101)946530823</subfield>
      <subfield code="0">(DE-588)4398215-3</subfield>
      <subfield code="0">https://d-nb.info/gnd/4398215-3</subfield>
      <subfield code="a">Liederdichter</subfield>
      <subfield code="4">beru</subfield>
      <subfield code="4">https://d-nb.info/standards/elementset/gnd#professionOrOccupation</subfield>
      <subfield code="w">r</subfield>
      <subfield code="i">Beruf</subfield>
    </datafield>
    <datafield tag="551" ind1=" " ind2=" ">
      <subfield code="0">(DE-101)040251578</subfield>
      <subfield code="0">(DE-588)4025157-3</subfield>
      <subfield code="0">https://d-nb.info/gnd/4025157-3</subfield>
      <subfield code="a">Hitzacker (Elbe)</subfield>
      <subfield code="4">ortg</subfield>
      <subfield code="4">https://d-nb.info/standards/elementset/gnd#placeOfBirth</subfield>
      <subfield code="w">r</subfield>
      <subfield code="i">Geburtsort</subfield>
    </datafield>
    <datafield tag="551" ind1=" " ind2=" ">
      <subfield code="0">(DE-101)001357298</subfield>
      <subfield code="0">(DE-588)135729-3</subfield>
      <subfield code="0">https://d-nb.info/gnd/135729-3</subfield>
      <subfield code="a">Salzdahlum</subfield>
      <subfield code="4">orts</subfield>
      <subfield code="4">https://d-nb.info/standards/elementset/gnd#placeOfDeath</subfield>
      <subfield code="w">r</subfield>
      <subfield code="i">Sterbeort</subfield>
    </datafield>
    <datafield tag="667" ind1=" " ind2=" ">
      <subfield code="a">NDSBIO</subfield>
    </datafield>
    <datafield tag="667" ind1=" " ind2=" ">
      <subfield code="a">12</subfield>
    </datafield>
    <datafield tag="667" ind1=" " ind2=" ">
      <subfield code="a">384</subfield>
    </datafield>
    <datafield tag="667" ind1=" " ind2=" ">
      <subfield code="a">7</subfield>
    </datafield>
    <datafield tag="667" ind1=" " ind2=" ">
      <subfield code="a">VD-17</subfield>
    </datafield>
    <datafield tag="667" ind1=" " ind2=" ">
      <subfield code="a">VD-18</subfield>
    </datafield>
    <datafield tag="667" ind1=" " ind2=" ">
      <subfield code="a">HAB Wolfenbüttel</subfield>
    </datafield>
    <datafield tag="667" ind1=" " ind2=" ">
      <subfield code="a">Maschinell verknuepft mit DBL-Retro-Titeldaten</subfield>
    </datafield>
    <datafield tag="667" ind1=" " ind2=" ">
      <subfield code="a">Quelle: DNB-Normdaten</subfield>
    </datafield>
    <datafield tag="670" ind1=" " ind2=" ">
      <subfield code="a">LCAuth</subfield>
    </datafield>
    <datafield tag="670" ind1=" " ind2=" ">
      <subfield code="a">NDB/ADB</subfield>
      <subfield code="u">https://www.deutsche-biographie.de/sfz1088.html#ndbcontent</subfield>
    </datafield>
    <datafield tag="670" ind1=" " ind2=" ">
      <subfield code="a">Wikipedia</subfield>
      <subfield code="u">https://de.wikipedia.org/wiki/Anton_Ulrich_(Braunschweig-Wolfenb%C3%BCttel)</subfield>
    </datafield>
    <datafield tag="670" ind1=" " ind2=" ">
      <subfield code="a">Provenienzmerkmal</subfield>
      <subfield code="b">Autogramm</subfield>
    </datafield>
    <datafield tag="670" ind1=" " ind2=" ">
      <subfield code="a">Provenienzmerkmal</subfield>
      <subfield code="b">Siegel</subfield>
    </datafield>
    <datafield tag="670" ind1=" " ind2=" ">
      <subfield code="a">Brockhaus 15. Aufl., 1, 533</subfield>
    </datafield>
    <datafield tag="672" ind1=" " ind2="0">
      <subfield code="a">Anton Ulrich &lt;Braunschweig-Wolfenbüttel, Herzog&gt;: 50 raisons ... pourquoi la religion cat*</subfield>
      <subfield code="f">1658</subfield>
    </datafield>
    <datafield tag="672" ind1=" " ind2="0">
      <subfield code="a">Anton Ulrich &lt;Braunschweig-Wolfenbüttel, Herzog&gt;: Die durchleuchtige Syrerin Aramena</subfield>
    </datafield>
    <datafield tag="672" ind1=" " ind2="0">
      <subfield code="a">Anton Ulrich &lt;Braunschweig-Wolfenbüttel, Herzog&gt;: Octavia. - 1678 - 1679</subfield>
    </datafield>
    <datafield tag="672" ind1=" " ind2="0">
      <subfield code="a">Anton Ulrich &lt;Braunschweig-Wolfenbüttel, Herzog&gt;: Die Römische Octavia</subfield>
      <subfield code="f">1711</subfield>
    </datafield>
    <datafield tag="672" ind1=" " ind2="0">
      <subfield code="a">Anton Ulrich &lt;Braunschweig-Wolfenbüttel, Herzog&gt;: Die Römische Octavia</subfield>
      <subfield code="f">1712</subfield>
    </datafield>
    <datafield tag="672" ind1=" " ind2="0">
      <subfield code="a">Anton Ulrich &lt;Braunschweig-Wolfenbüttel, Herzog&gt;: Die durchleuchtige Syrerinn Aramena</subfield>
      <subfield code="f">1975 -</subfield>
    </datafield>
    <datafield tag="672" ind1=" " ind2="0">
      <subfield code="a">Sophia Elisabeth &lt;Braunschweig-Wolfenbüttel, Herzogin&gt;: Christ Fürstliches Davids-Harpfen*</subfield>
      <subfield code="f">1667</subfield>
    </datafield>
    <datafield tag="672" ind1=" " ind2="0">
      <subfield code="a">Anton Ulrich &lt;Braunschweig, Herzog&gt;: Zugabe zum Beschlusz der Römischen Octavia</subfield>
      <subfield code="f">1707</subfield>
    </datafield>
    <datafield tag="672" ind1=" " ind2="0">
      <subfield code="a">Anton Ulrich &lt;Braunschweig-Wolfenbüttel, Herzog&gt;: Die durchleuchtige Syrerinn Aramena</subfield>
    </datafield>
    <datafield tag="672" ind1=" " ind2="0">
      <subfield code="a">Anton Ulrich &lt;Braunschweig-Wolfenbüttel, Herzog&gt;: Die Römische Oktavia / in sechs Bände*</subfield>
    </datafield>
    <datafield tag="678" ind1=" " ind2=" ">
      <subfield code="b">1667 Statthalter, 1685 Mitregent seines Bruders Rudolf August von Braunschweig-Wolfenbüttel, 1704 alleiniger Regent des Herzogtums Braunschweig- Wolfenbüttel; 1709 geheimer Übertritt zum Katholizismus, 1710 öffentliche Konversion; War maßgeblich am Übertritt seiner Enkelin Elisabeth Christine von Braunschweig- Wolfenbüttel zum Katholizismus und deren Vermählung mit Karl VI. deutscher Kaiser beteiligt; Mitglied der Fruchtbringenden Gesellschaft (Der Siegprangende), Dichter von 61 Kirchenliedern, Romanautor und Verfasser von Bühnenstücken</subfield>
    </datafield>
    <datafield tag="700" ind1="0" ind2="7">
      <subfield code="a">Anton Ulrich</subfield>
      <subfield code="c">Herzog von Braunschweig-Wolfenbüttel</subfield>
      <subfield code="d">1633-1714</subfield>
      <subfield code="0">(DLC)n  82138854</subfield>
      <subfield code="2">naf</subfield>
      <subfield code="9">v:1633-1714.</subfield>
    </datafield>
    <datafield tag="913" ind1=" " ind2=" ">
      <subfield code="S">pnd</subfield>
      <subfield code="i">5</subfield>
      <subfield code="a">Anton Ulrich &lt;Braunschweig-Lüneburg, Herzog&gt;</subfield>
      <subfield code="0">(DE-588a)118503472</subfield>
    </datafield>
    <datafield tag="913" ind1=" " ind2=" ">
      <subfield code="S">pnd</subfield>
      <subfield code="i">a</subfield>
      <subfield code="a">Braunschweig-Lüneburg, Anton Ulrich /von</subfield>
      <subfield code="0">(DE-588a)116429860</subfield>
    </datafield>
  </record>
